<record><leader>00000cas a22000007a 4500</leader><controlfield tag="001">16013032</controlfield><controlfield tag="008">870620d18791879iauwr ne      0    0eng d</controlfield><datafield ind1=" " ind2=" " tag="010"><subfield code="a">sn 87057562 </subfield></datafield><datafield ind1=" " ind2=" " tag="040"><subfield code="a">INP</subfield><subfield code="b">eng</subfield><subfield code="c">INP</subfield><subfield code="d">OCLCQ</subfield></datafield><datafield ind1=" " ind2=" " tag="042"><subfield code="a">msc</subfield></datafield><datafield ind1="0" ind2=" " tag="130"><subfield code="a">Indianola Republican (Indianola, Iowa : 1879)</subfield></datafield><datafield ind1="1" ind2="4" tag="245"><subfield code="a">The Indianola Republican.</subfield></datafield><datafield ind1=" " ind2=" " tag="260"><subfield code="a">Indianola, Iowa :</subfield><subfield code="b">Jones and Wells,</subfield><subfield code="c">1879-</subfield></datafield><datafield ind1=" " ind2=" " tag="300"><subfield code="a">v.</subfield></datafield><datafield ind1=" " ind2=" " tag="310"><subfield code="a">Weekly</subfield></datafield><datafield ind1="0" ind2=" " tag="362"><subfield code="a">Vol. 9, no. 28 (Jan. 9, 1879)-</subfield></datafield><datafield ind1="1" ind2=" " tag="362"><subfield code="a">Ceased in June? 1879.</subfield></datafield><datafield ind1=" " ind2=" " tag="752"><subfield code="a">United States</subfield><subfield code="b">Iowa</subfield><subfield code="c">Warren</subfield><subfield code="d">Indianola.</subfield></datafield><datafield ind1="0" ind2="0" tag="780"><subfield code="t">Warren record (Indianola, Iowa)</subfield><subfield code="w">(DLC)sn 84038199</subfield></datafield><datafield ind1="0" ind2="0" tag="785"><subfield code="t">People's advocate (Indianola, Iowa)</subfield><subfield code="w">(DLC)sn 87057661</subfield></datafield></record>